<record><leader>00000cas a2200000 a 4500</leader><controlfield tag="001">733394912</controlfield><controlfield tag="007">hd afb---buuu</controlfield><controlfield tag="008">110628d18491869caujr nea     0    0eng  </controlfield><datafield ind1=" " ind2=" " tag="010"><subfield code="a">  2011252788</subfield></datafield><datafield ind1=" " ind2=" " tag="040"><subfield code="a">WAU</subfield><subfield code="b">eng</subfield><subfield code="c">WAU</subfield><subfield code="d">WAU</subfield><subfield code="d">OCLCF</subfield><subfield code="d">OCLCO</subfield><subfield code="d">OCLCQ</subfield></datafield><datafield ind1=" " ind2=" " tag="042"><subfield code="a">pcc</subfield></datafield><datafield ind1=" " ind2=" " tag="043"><subfield code="a">n-us-ca</subfield></datafield><datafield ind1="0" ind2=" " tag="130"><subfield code="a">Alta California (San Francisco, Calif. : Steamer ed.)</subfield></datafield><datafield ind1="1" ind2="4" tag="245"><subfield code="a">The alta California.</subfield></datafield><datafield ind1="1" ind2=" " tag="246"><subfield code="i">Issue "for Steamer Panama" titled:</subfield><subfield code="a">Weekly alta California</subfield><subfield code="f">&lt;May 1, 1850&gt;</subfield></datafield><datafield ind1="1" ind2="3" tag="246"><subfield code="a">Steamer alta California</subfield></datafield><datafield ind1=" " ind2=" " tag="250"><subfield code="a">Steamer ed.</subfield></datafield><datafield ind1=" " ind2=" " tag="260"><subfield code="a">San Francisco, Calif. :</subfield><subfield code="b">E. Gilbert &amp; Co.</subfield></datafield><datafield ind1=" " ind2=" " tag="300"><subfield code="a">volumes</subfield></datafield><datafield ind1=" " ind2=" " tag="310"><subfield code="a">Trimonthly,</subfield><subfield code="b">&lt;1869&gt;</subfield></datafield><datafield ind1=" " ind2=" " tag="321"><subfield code="a">Semimonthly,</subfield><subfield code="b">&lt;Mar 29, 1849&gt;-</subfield></datafield><datafield ind1=" " ind2=" " tag="336"><subfield code="a">text</subfield><subfield code="b">txt</subfield><subfield code="2">rdacontent</subfield></datafield><datafield ind1=" " ind2=" " tag="337"><subfield code="a">microform</subfield><subfield code="b">h</subfield><subfield code="2">rdamedia</subfield></datafield><datafield ind1=" " ind2=" " tag="338"><subfield code="a">microfilm reel</subfield><subfield code="b">hd</subfield><subfield code="2">rdacarrier</subfield></datafield><datafield ind1="1" ind2=" " tag="362"><subfield code="a">Began with: Jan. 4, 1849; ceased with: May 8, 1869.</subfield></datafield><datafield ind1=" " ind2=" " tag="500"><subfield code="a">"For circulation in the Atlantic States, Europe, South America and the West Indies."</subfield></datafield><datafield ind1=" " ind2=" " tag="500"><subfield code="a">Masthead of each issue for &lt;Oct. 1849-July 1861&gt; contains the name(s) of the steamer(s) which carried that issue.</subfield></datafield><datafield ind1=" " ind2=" " tag="588"><subfield code="a">Description based on: Jan. 4, 1849; title from masthead.</subfield></datafield><datafield ind1=" " ind2=" " tag="588"><subfield code="a">Latest issue consulted: May 8, 1869.</subfield></datafield><datafield ind1=" " ind2=" " tag="533"><subfield code="a">Microfilm.</subfield><subfield code="b">San Francisco, Calif. :</subfield><subfield code="c">Recordak Corporation.</subfield><subfield code="e">microfilm reels ; 35 mm.</subfield></datafield><datafield ind1=" " ind2="0" tag="651"><subfield code="a">San Francisco (Calif.)</subfield><subfield code="v">Newspapers.</subfield></datafield><datafield ind1=" " ind2="7" tag="651"><subfield code="a">California</subfield><subfield code="z">San Francisco.</subfield><subfield code="2">fast</subfield><subfield code="0">(OCoLC)fst01204481</subfield></datafield><datafield ind1=" " ind2="7" tag="655"><subfield code="a">Newspapers.</subfield><subfield code="2">fast</subfield><subfield code="0">(OCoLC)fst01423814</subfield></datafield><datafield ind1=" " ind2=" " tag="752"><subfield code="a">United States</subfield><subfield code="b">California</subfield><subfield code="c">San Francisco</subfield><subfield code="d">San Francisco.</subfield></datafield><datafield ind1="1" ind2=" " tag="776"><subfield code="c">Original</subfield><subfield code="w">(DLC)sn 82016463</subfield><subfield code="w">(OCoLC)9346554</subfield></datafield></record>